<?xml version="1.0" encoding="UTF-8"?><collection xmlns="http://www.loc.gov/MARC21/slim"><record><leader>00589nam--2200193-i-4500</leader><controlfield tag="001">000010010</controlfield><controlfield tag="002">20161230</controlfield><controlfield tag="005">20161230201028</controlfield><controlfield tag="008">060222s1000------------r-----000-0-eng-d</controlfield><datafield ind1=" " ind2=" " tag="040"><subfield code="a">IFIN-HH</subfield></datafield><datafield ind1=" " ind2=" " tag="080"><subfield code="a">535</subfield></datafield><datafield ind1="1" ind2=" " tag="100"><subfield code="a">Kingslake, Rudolf</subfield></datafield><datafield ind1="1" ind2="0" tag="245"><subfield code="a">Applied optics and oiptical engineering</subfield><subfield code="b">A comprehensive treatise</subfield><subfield code="c">RUDOLF KINGSLAKE (Ed.)</subfield></datafield><datafield ind1=" " ind2=" " tag="260"><subfield code="a">New York</subfield><subfield code="b">Academic Press</subfield><subfield code="c">1965</subfield></datafield><datafield ind1=" " ind2=" " tag="300"><subfield code="a">5 vol</subfield></datafield><datafield ind1=" " ind2=" " tag="490"><subfield code="a">Applied Optics And Optical Engineering</subfield></datafield><datafield ind1=" " ind2=" " tag="787"><subfield code="a">Volume V</subfield><subfield code="d">1969</subfield><subfield code="h">382 p</subfield><subfield code="t">Optical Instruments Part Ii</subfield></datafield><datafield ind1=" " ind2=" " tag="852"><subfield code="a">23345</subfield><subfield code="c">535</subfield></datafield><datafield ind1=" " ind2=" " tag="CAT"><subfield code="a">Sys</subfield><subfield code="c">20101025</subfield><subfield code="h">103641</subfield></datafield></record></collection>